@article{Medvedovic,
	author = {Medvedovic, M. and Yeung, K.Y. and Bumgarner, R.E.},
	title = {Bayesian mixture model based clustering of replicated microarray data},
	journal = {Bioinformatics},
	issue_date = {May 2004},
	volume = {20},
	number = {8},
	month = may,
	year = {2004},
	issn = {1367-4803},
	pages = {1222--1232},
	numpages = {11},
	url = {http://dx.doi.org/10.1093/bioinformatics/bth068},
	doi = {10.1093/bioinformatics/bth068},
	acmid = {1092859},
	publisher = {Oxford University Press},
	address = {Oxford, UK},
} 

@inbook{STING2010,
  added-at = {2013-01-07T16:10:56.000+0100},
  author = {Stingo, F.C. and M., Vannucci},
  biburl = {http://www.bibsonomy.org/bibtex/2641bcdf8dcb2fbb01b64193eeff88a31/olivia.bluder},
  chapter = {Bayesian Models for Variable Selection that Incorporate Biological
	Information},
  editor = {Bernardo, J. M. and Bayarri, M. J. and Berger, J. O. and Dawid, A. P. and Heckerman, D. and Smith, A. F. M. and West, M.},
  interhash = {28daae085479b78c8536cc5102c2eee1},
  intrahash = {641bcdf8dcb2fbb01b64193eeff88a31},
  journal = {Bayes},
  keywords = {imported},
  owner = {bluder},
  publisher = {Oxford University Press},
  timestamp = {2013-01-07T16:10:56.000+0100},
  title = {{B}ayesian Statistics 9},
  year = 2010
}

@article{ Miasojedow,
author = {Miasojedow, Błażej and Moulines, Eric and Vihola, Matti},
title = {An Adaptive parallel tempering algorithm},
journal = {Journal of Computational and Graphical Statistics},
volume = {I},
number = {january},
year = {2013},
doi = {10.1080/10618600.2013.778779},
URL = {http://www.tandfonline.com/doi/abs/10.1080/10618600.2013.778779},
eprint = {http://www.tandfonline.com/doi/pdf/10.1080/10618600.2013.778779}
}

@article{ Baragatti,
    author = {Baragatti, Me\"ili and Grimaud, Agnès and Pommeret, Denys},
    year = "2013",
    month = "may",
    journal = "Statistics and Computing",
    title = "Parallel Tempering with equi-energy moves",
    volume = "23",
    number = "3",
    pages = "323-339"
}

@book{ Geyer,
    author_sort = "Charles J. Geyer",
    author = "Charles J. Geyer",
    calibreid = "200",
    year = "2012",
    month = "Dec",
    publisher = "Unpublished.",
    title = "Markov Chain Monte Carlo Lecture Notes",
    title_sort = "Markov Chain Monte Carlo Lecture Notes" 
}

@book{Rasmussen,
 author = {Rasmussen, Carl Edward and Williams, Christopher K. I.},
 title = {Gaussian Processes for Machine Learning (Adaptive Computation and Machine Learning)},
 year = {2005},
 isbn = {026218253X},
 publisher = {The MIT Press},
} 

@book{ RobertSwendsen,
    author_sort = "Robert Swendsen",
    author = "Robert Swendsen and Jian-Sheng Wang",
    calibreid = "281",
    year = "1986",
    month = "nov",
    journal = "Physical Review Letters",
    title = "Replica Monte Carlo Simulation of Spin-Glasses, Parallel Tempering",
    title_sort = "Replica Monte Carlo Simulation of Spin-Glasses, Parallel Tempering" }